<?xml version="1.0" encoding="UTF-8"?><collection xmlns="http://www.loc.gov/MARC21/slim"><record><leader>00625nam--2200169-i-4500</leader><controlfield tag="001">000044638</controlfield><controlfield tag="002">20161230</controlfield><controlfield tag="005">20161230201044</controlfield><controlfield tag="008">060222s1000------------r-----000-0-eng-d</controlfield><datafield ind1=" " ind2=" " tag="040"><subfield code="a">IFIN-HH</subfield></datafield><datafield ind1=" " ind2=" " tag="080"><subfield code="a">52:536.7</subfield></datafield><datafield ind1="1" ind2=" " tag="100"><subfield code="a">Thomas, Richard N</subfield></datafield><datafield ind1="1" ind2="0" tag="245"><subfield code="a">Some aspects of non-equilibrium thermodynamics in the presence of a radiation field</subfield><subfield code="b">Based on a set of lectures given at the university of paris - institut d'astrophysique, february-march, 1961</subfield><subfield code="c">Richard n. thomas</subfield></datafield><datafield ind1=" " ind2=" " tag="260"><subfield code="a">Boulder, Colorado</subfield><subfield code="b">University Of Colorado Press</subfield><subfield code="c">1961</subfield></datafield><datafield ind1=" " ind2=" " tag="300"><subfield code="a">XIV + 210P</subfield></datafield><datafield ind1=" " ind2=" " tag="852"><subfield code="a">75388</subfield><subfield code="c">536.7</subfield></datafield><datafield ind1=" " ind2=" " tag="CAT"><subfield code="a">Sys</subfield><subfield code="c">20110602</subfield><subfield code="h">121418</subfield></datafield></record></collection>